@article{Elements1,
author = {Sigurd Hofmann},
title = {Welcome copernicium?},
journal = {Nature Chemistry},
volume = {2},
number = {2},
pages = {146},
year = {2010},
doi = {10.1038/nchem.533},
}
@article{Elements2,
author = {Khuyagbaatar, J. and Yakushev, A. and D\"ullmann, Ch. E. and Ackermann, D. and Andersson, L.-L. and Asai, M. and Block, M. and Boll, R. A. and Brand, H. and Cox, D. M. and Dasgupta, M. and Derkx, X. and Di Nitto, A. and Eberhardt, K. and Even, J. and Evers, M. and Fahlander, C. and Forsberg, U. and Gates, J. M. and Gharibyan, N. and Golubev, P. and Gregorich, K. E. and Hamilton, J. H. and Hartmann, W. and Herzberg, R.-D. and He\ss{}berger, F. P. and Hinde, D. J. and Hoffmann, J. and Hollinger, R. and H\"ubner, A. and J\"ager, E. and Kindler, B. and Kratz, J. V. and Krier, J. and Kurz, N. and Laatiaoui, M. and Lahiri, S. and Lang, R. and Lommel, B. and Maiti, M. and Miernik, K. and Minami, S. and Mistry, A. and Mokry, C. and Nitsche, H. and Omtvedt, J. P. and Pang, G. K. and Papadakis, P. and Renisch, D. and Roberto, J. and Rudolph, D. and Runke, J. and Rykaczewski, K. P. and Sarmiento, L. G. and Sch\"adel, M. and Schausten, B. and Semchenkov, A. and Shaughnessy, D. A. and Steinegger, P. and Steiner, J. and Tereshatov, E. E. and Th\"orle-Pospiech, P. and Tinschert, K. and Torres De Heidenreich, T. and Trautmann, N. and T\"urler, A. and Uusitalo, J. and Ward, D. E. and Wegrzecki, M. and Wiehl, N. and Van Cleve, S. M. and Yakusheva, V.},
title = {48Ca +249 Bk fusion reaction leading to
 element z = 117: Long-lived-decaying 270Db and discovery of 266Lr},
 journal = {Phys. Rev. Lett.},
  volume = {112},
  issue = {17},
  pages = {172501},
  numpages = {5},
  year = {2014},
  month = {5},
  doi = {10.1103/PhysRevLett.112.172501},
}
@article{TumorTherapy,
title = {Tumor therapy with heavy charged particles},
journal = {Progress in Particle and Nuclear Physics},
volume = {45},
pages = {S473-S544},
year = {2000},
issn = {0146-6410},
doi = {https://doi.org/10.1016/S0146-6410(00)00112-5},
author = {G. Kraft},
}
@article{FAIR,
title = {International Facility for Antiproton and Ion Research (FAIR) at GSI, Darmstadt},
journal = {Nuclear Physics A},
volume = {752},
pages = {457-469},
year = {2005},
note = {Proceedings of the 22nd International Nuclear Physics Conference (Part 2)},
issn = {0375-9474},
doi = {https://doi.org/10.1016/j.nuclphysa.2005.02.137},
author = {Hans H. Gutbrod},
}
@article{Fork,
title = {Lecture Notes on Beam Instrumentation and Diagnostics. GSI, Darmstadt,
Germany,},
journal = {JUAS, lecture for the joint university accelerator school held in several different years},
year = { up to 2024},
author = {Peter Forck},
}
@article{Bk_noise,
  title = {Barkhausen noise: Elementary signals, power laws, and scaling relations},
  author = {Spasojevi\ifmmode \acute{c}\else \'{c}\fi{}, Djordje and Bukvi\ifmmode \acute{c}\else \'{c}\fi{}, Srdjan and Milo\ifmmode \check{s}\else \v{s}\fi{}evi\ifmmode \acute{c}\else \'{c}\fi{}, Sava and Stanley, H. Eugene},
  journal = {Phys. Rev. E},
  volume = {54},
  issue = {3},
  pages = {2531--2546},
  numpages = {0},
  year = {1996},
  month = {9},
  publisher = {American Physical Society},
  doi = {10.1103/PhysRevE.54.2531},
  url = {https://link.aps.org/doi/10.1103/PhysRevE.54.2531}
}
@book{Slow_extraction,
    author = {Wille, Klaus},
    title = "{The Physics of Particle Accelerators: An Introduction}",
    publisher = {Oxford University Press},
    year = {2001},
    month = {02},
    isbn = {9780198505501},
    doi = {10.1093/oso/9780198505501.001.0001}
}
@book{Cern_slow_extraction,
    author = { L. Badano, and  M. Benedikt, and P. J. Bryant, and M. Crescenti, and P. Holy, and A. Maier, and M. Pullia and S.Rossi},
    title = "{Proton-ion medical machine study (PIMMS) part I}",
    publisher = {CERN/PS/ 99-010 (DI), Geneva},
    year = {1999}
}
@book{Scintillators,
    author = {Peter Strehl },
    title = "{Beam Instrumentation and Diagnostics}",
    publisher = {Springer Berlin, Heidelberg},
    year = {2006},
    doi = {https://doi.org/10.1007/3-540-26404-3}
}
@article{Harvey_CCC,
    author = {Harvey, I. K.},
    title = "{A Precise Low Temperature dc Ratio Transformer}",
    journal = {Review of Scientific Instruments},
    volume = {43},
    year = {1972},
    doi = {10.1063/1.1685508}
}
@article{Handbook_squid,
    author = {J. Clarke and A. Braginski,},
    title = "{The SQUID Handbook: Fundamentals and Technology of SQUIDs and SQUID Systems, II.}",
    journal = {Wiley-VCH Verlag},
    year = {2006},
}
@inbook{GrohmannCCC,
title = {A cryodevice for induction monitoring of dc electron or ion beams with nano-ampere resolution},
author = {K. Grohmann and D. Hechtfischer and J. Jakschik},
editor = {Hans-D. Hahlbohm and Heinz Lübbig},
publisher = {De Gruyter},
address = {Berlin, Boston},
pages = {311--316},
doi = {doi:10.1515/9783110887495-027},
year = {1977}
}
@article{PetersCCC,
    author = {Peters, Andreas and Vodel, Wolfgang and Koch, Helmar and Neubert, Ralf and Reeg, Hannes and Schroeder, Claus Hermann},
    title = "{A cryogenic current comparator for the absolute measurement of nA beams}",
    journal = {AIP Conference Proceedings},
    volume = {451},
    number = {1},
    pages = {163-180},
    year = {1998},
    month = {12},
    doi = {10.1063/1.56997}
}
@article{CERNCCC_1,
doi = {10.1088/0953-2048/30/1/015001},
year = {2016},
month = {11},
publisher = {IOP Publishing},
volume = {30},
number = {1},
author = {M Fernandes and R Geithner and J Golm and R Neubert and M Schwickert and T Stöhlker and J Tan and C P Welsch},
title = {Non-perturbative measurement of low-intensity charged particle beams},
journal = {Superconductor Science and Technology},
}
@inproceedings{CERNCCC_2,
  title={Squid based cryogenic current comparator for measuring low-intensity antiproton beams},
  author={Abreu Fernandes and Miguel Filipe},
  year={2018},
  url={https://api.semanticscholar.org/CorpusID:126662020}
}
@book{DavidThesis,
  title={Precise Intensity Monitoring at CRYRINGESR: on Designing a Cryogenic Current Comparator for FAIR},
  author={Haider, D. and H{\"u}lsmann, P. and Podlech, H.},
  year={2023},
  publisher={Johann Wolfgang Goethe-Universit{\"a}t Frankfurt am Main}
}
@article{Marsic,
title = {Numerical analysis of a folded superconducting coaxial shield for cryogenic current comparators},
journal = {Nuclear Instruments and Methods in Physics Research Section A: Accelerators, Spectrometers, Detectors and Associated Equipment},
volume = {922},
pages = {134-142},
year = {2019},
doi = {https://doi.org/10.1016/j.nima.2018.12.063},
author = {Nicolas Marsic and Wolfgang F.O. Müller and Herbert {De Gersem} and Matthias Schmelz and Vyacheslav Zakosarenko and Ronny Stolz and Febin Kurian and Thomas Sieber and Marcus Schwickert}
}
@article{CorelessCCC,
doi = {10.1088/1361-6668/aaf206},
year = {2018},
month = {dec},
publisher = {IOP Publishing},
volume = {32},
number = {1},
pages = {014002},
author = {V Zakosarenko and M Schmelz and T Schönau and S Anders and J Kunert and V Tympel and R Neubert and F Schmidl and P Seidel and Th Stöhlker and D Haider and M Schwickert and T Sieber and R Stolz},
title = {Coreless SQUID-based cryogenic current comparator for non-destructive intensity diagnostics of charged particle beams},
journal = {Superconductor Science and Technology}
}
@article{Critical_current,
author = {Dew-Hughes, D.},
year = {2001},
month = {09},
pages = {713-722},
title = {The critical current of superconductors: An historical review},
volume = {27},
journal = {Low Temperature Physics - LOW TEMP PHYS},
doi = {10.1063/1.1401180}
}
@article{London_SC,
author = {F. London and H. London},
year = {1935},
month = {03},
pages = {71-88},
title = {The electromagnetic equations of the
supraconductor},
journal = {Proc. R. Soc. A, 149(866)},
doi = {10.1098/rspa.1935.0048.}
}
@book{Superconductivity,
  title={Superconductivity, Third edission},
  author={Charles Poole and Horacio Farach and Richard Creswick and Ruslan Prozolov},
  year={2014},
  publisher={Elsevier},
  doi = {https://doi.org/10.1016/B978-0-12-088761-3.X5021-2}
}
@Inbook{GL_theory,
author="Ginzburg, V. L.
and Landau, L. D.",
title="On the Theory of Superconductivity",
year="2009",
publisher="Springer Berlin Heidelberg",
address="Berlin, Heidelberg",
pages="113--137",
doi="10.1007/978-3-540-68008-6_4"
}
@article{BCS_theory,
  title = {Theory of Superconductivity},
  author = {Bardeen, J. and Cooper, L. N. and Schrieffer, J. R.},
  journal = {Phys. Rev.},
  volume = {108},
  issue = {5},
  pages = {1175--1204},
  numpages = {0},
  year = {1957},
  month = {Dec},
  publisher = {American Physical Society},
  doi = {10.1103/PhysRev.108.1175}
}
@article{Squid_handbook_1,
    author = {J. Clarke and A. Braginski,},
    title = "{The SQUID Handbook:  Vol. I Fundamentals and Technology of SQUIDs and SQUID Systems.}",
    journal = {Wiley-VCH Verlag},
    year = {2006},
    doi = {10.1002/3527603646}
}
@article{1/f_noise,
  title = {Composition of $\frac{1}{f}$ Noise in Metal-Insulator-Metal Tunnel Junctions},
  author = {Rogers, C. T. and Buhrman, R. A.},
  journal = {Phys. Rev. Lett.},
  volume = {53},
  issue = {13},
  pages = {1272--1275},
  numpages = {0},
  year = {1984},
  month = {Sep},
  publisher = {American Physical Society},
  doi = {10.1103/PhysRevLett.53.1272}
}
@Inbook{SQUID_dinamic_range,
author="Zimmermann, E.
and Brandenburg, G.
and Clemens, U.
and Rongen, H.
and Halling, H.
and Krause, H.-J.
and Hohmann, R.
and Soltner, H.
and Lomparski, D.
and Gr{\"u}neklee, M.
and Husemann, K.-D.
and Bousack, H.
and Braginski, A. I.",
editor="Thompson, Donald O.
and Chimenti, Dale E.",
title="HTS-SQUID Magnetometer with Digital Feedback Control for NDE Applications",
bookTitle="Review of Progress in Quantitative Nondestructive Evaluation: Volume 16A",
year="1997",
publisher="Springer US",
address="Boston, MA",
pages="2129--2135",
doi="10.1007/978-1-4615-5947-4_278"
}
@book{SQUID_book_2,
  title={SQUID Sensors: Fundamentals, Fabrication and Applications},
  author={Dung, D. et al.},
  isbn={9789401063937},
  series={Nato Science Series E:},
  url={https://books.google.de/books?id=T5rCngEACAAJ},
  year={2012},
  publisher={Springer Netherlands}
}
@article{Drung_article,
  title = {High-Tc and low-Tc dc SQUID electronics},
  author = {Dietmar Drung},
  journal = {Supercond. Sci. Technol.},
  volume = {16},
  issue = {1320},
  year = {2003},
  doi = {10.1088/0953-2048/16/12/002}
}
@ARTICLE{CHARM,
  author={Mekki, J. and Brugger, M. and Alia, R. G. and Thornton, A. and Mota, N. C. Dos Santos and Danzeca, S.},
  journal={IEEE Transactions on Nuclear Science}, 
  title={CHARM: A Mixed Field Facility at CERN for Radiation Tests in Ground, Atmospheric, Space and Accelerator Representative Environments}, 
  year={2016},
  volume={63},
  number={4},
  pages={2106-2114},
  doi={10.1109/TNS.2016.2528289}
  }
@ARTICLE{Cern_report,
  author={ C. Cangialosi and S. Danzeca.},
  journal={Technical report, CERN High Energy Accelerator Mixed-field (CHARM)}, 
  title={Charm User Dosimetry Document for SQUID test}, 
  year={2018}
  }
@article{Irradiation_test_squid,
doi = {10.7567/JJAPS.37S2.40},
year = {1998},
month = {jan},
publisher = {},
volume = {37},
number = {S2},
pages = {40},
author = {Luigi Frunzio and Roberto Cristiano and Sergio Pagano},
title = {Radiation Hardness of Josephson Devices},
journal = {Japanese Journal of Applied Physics}
}
@ARTICLE{GSI_radiation,
  author={ C. Omet.},
  journal={(internal notes)}, 
  title={Fluka calculations of radiation levels at FAIR}, 
  year={2018}
  }
@article{GROHMANN_CCC,
title = {Field attenuation as the underlying principle of cryo-current comparators 2. Ring cavity elements},
journal = {Cryogenics},
volume = {16},
number = {10},
pages = {601-605},
year = {1976},
issn = {0011-2275},
doi = {https://doi.org/10.1016/0011-2275(76)90192-2},
author = {K. Grohmann and H.D. Hahlbohm and D. Hechtfischer and H. Lübbig}
}
@article{GROHMANN_shield,
title = {Field attenuation as the underlying principle of cryo current comparators},
journal = {Cryogenics},
volume = {16},
number = {7},
pages = {423-429},
year = {1976},
issn = {0011-2275},
doi = {https://doi.org/10.1016/0011-2275(76)90056-4},
author = {K. Grohmann and H.D. Hahlbohm and D. Hechtfischer and H. Lübbig}
}
@article{DEGERSEM_shield,
title = {Finite-element simulation of the performance of a superconducting meander structure shielding for a cryogenic current comparator},
journal = {Nuclear Instruments and Methods in Physics Research Section A: Accelerators, Spectrometers, Detectors and Associated Equipment},
volume = {840},
pages = {77-86},
year = {2016},
issn = {0168-9002},
doi = {https://doi.org/10.1016/j.nima.2016.10.003},
author = {H. {De Gersem} and N. Marsic and W.F.O. Müller and F. Kurian and T. Sieber and M. Schwickert}
}
@InProceedings{Marsic_shield,
  author       = {N. Marsic and H. De Gersem and F. Kurian and W.F.O. Maller and M. Schwickert and T. Sieber},
  title        = {{A}nalytical and {N}umerical {P}erformance {A}nalysis of a {C}ryogenic {C}urrent {C}omparator},
  booktitle    = {Proc. of International Particle Accelerator Conference (IPAC'17),
                  Copenhagen, Denmark, 19 May, 2017},
  pages        = {160--162},
  paper        = {MOPAB037},
  venue        = {Copenhagen, Denmark},
  series       = {International Particle Accelerator Conference},
  number       = {8},
  publisher    = {JACoW},
  address      = {Geneva, Switzerland},
  month        = {May},
  year         = {2017},
  isbn         = {978-3-95450-182-3},
  doi          = {https://doi.org/10.18429/JACoW-IPAC2017-MOPAB037}
}
@book{Geithner_CCC,
  title={Optimierung eines kryogenen Stromkomparators f¨ ur den Ein satz als Strahlmonitor},
  author={R. Geithner},
  year={2013},
  publisher={PhD thesis, Friedrich-Schiller-University Jena}
}
@InProceedings{Tympel:IBIC2017-WEPCF07,
  author       = {V. Tympel and others},
  title        = {{C}ryogenic {C}urrent {C}omparators for 150 mm {B}eamline {D}iameter},
  booktitle    = {Proc. of International Beam Instrumentation Conference (IBIC'17),
                  Grand Rapids, MI, USA, 20-24 August 2017},
  pages        = {431--434},
  paper        = {WEPCF07},
  venue        = {Grand Rapids, MI, USA},
  series       = {International Beam Instrumentation Conference},
  number       = {6},
  publisher    = {JACoW},
  month        = {Mar.},
  year         = {2018},
  doi          = {https://doi.org/10.18429/JACoW-IBIC2017-WEPCF07}
}
@InProceedings{Tympel:IBIC2016,
  author       = {V. Tympel and others},
  title        = {The Next Generation of Cryogenic Current Comparators for Beam Monitoring},
  booktitle    = {Proc. of International Beam Instrumentation Conference (IBIC'16)},
  pages        = {441--444},
  venue        = {Barcelona, Spain},
  series       = {International Beam Instrumentation Conference},
  publisher    = {JACoW},
  doi          = {http://jacow.org/ibic2016/papers/tupg43.pdf}
}
@article{Geithner_core,
title = {Low temperature permeability and current noise of ferromagnetic pickup coils},
journal = {Cryogenics},
volume = {54},
pages = {16-19},
year = {2013},
doi = {https://doi.org/10.1016/j.cryogenics.2012.10.002},
author = {René Geithner and Daniel Heinert and Ralf Neubert and Wolfgang Vodel and Paul Seidel}
}
@book{Marsic_BMBF,
  title={Calculations for alternative shielding geometries/materials},
  author={N. Marsic},
  year={2017},
  publisher={BMBF collaboration meeting}
}
@inproceedings{SmDCCC,
  author       = {V. Tympel and L. Crescimbeni and D.M. Haider and F. Machalett and M. Schmelz and F. Schmidl and M. Schwickert and T. Schönau and P. Seidel and T. Sieber and R. Stolz and T. Stöhlker and V. Zakosarenko},
  title        = {{Creation of the First High-Inductance Sensor of the New CCC-Sm Series}},
  booktitle    = {Proc. 11th Int. Beam Instrum. Conf. (IBIC'22)},
  pages        = {469--472},
  eid          = {WEP30},
  language     = {english},
  venue        = {Kraków, Poland},
  series       = {International Beam Instrumentation Conference},
  number       = {11},
  publisher    = {JACoW Publishing, Geneva, Switzerland},
  month        = {12},
  year         = {2022},
  doi          = {10.18429/JACoW-IBIC2022-WEP30}
}
@book{Max_thesis,
  title={Experimentelle Untersuchungen zum Systemdesign von Kryogenen Stromkomparatoren},
  author={Max Stapelfeld},
  year={2022},
  publisher={PhD thesis Friedrich Schiller University Jena, Germany}
}
@ARTICLE{Volker_IEEE,
  author={Tympel, V. and Machalett, F. and Stöhlker, T. and Crescimbeni, L. and Schönau, T. and Haider, D. and Sieber, T. and Schwickert, M. and Schmidl, F. and Seidel, P. and Schmelz, M. and Stolz, R. and Zakosarenko, V.},
  journal={IEEE Transactions on Applied Superconductivity}, 
  title={High Inductance Cryogenic Current Comparators for Beamlines}, 
  year={2024},
  volume={34},
  number={3},
  pages={1-5},
  doi={10.1109/TASC.2024.3350610}
}
@ARTICLE{FESA_Class,
  author={T. Hoffmann},
  journal={Proceedings of PCaPAC08, Ljubljana, Slovenia}, 
  title={FESA - The Front-End Software Architecture at FAIR}, 
  year={2008},
  volume={WEP007},
  url={https://accelconf.web.cern.ch/pc08/papers/wep007.pdf}
}
@inproceedings{LASSIE,
  title={LASSIE: THE LARGE ANALOGUE SIGNAL AND SCALING INFORMATION ENVIRONMENT FOR FAIR},
  author={Tobias Hoffmann and Harald Br{\"a}uning and R. Haseitl},
  journal={Proceedings of ICALEPCS2011, Grenoble, France}, 
  year={2011},
  url={https://api.semanticscholar.org/CorpusID:55097068}
}
@TechReport{ILK,
  author      = {A. Kade and G. Trommler and F. Schoepe and G. Schroeder},
  institution = {Institute of Air Handling and Refrigeration gGmbH (ILK)},
  title       = {Final Design Review - Cryostat for the Cryogenic Current Comparator at {CRYRING} / {FAIR}},
  year        = {2019},
  month       = mar,
  url         = {https://www.ilkdresden.de/},
}
@PhdThesis{KurianTh,
  author = {F. Kurian},
  school = {Goethe University, Frankfurt am Main, Germany},
  title  = {{C}ryogenic {C}urrent {C}omparators for {P}recise {I}on {B}eam {C}urrent {M}easurements},
  year   = {2015},
  type   = {PhD thesis}
}
@MastersThesis{Schroeder1993,
  author = {{C.H.} Schroeder},
  school = {Fachhochschule Wiesbaden},
  title  = {Entwicklung eines {K}ryostaten für {LH}e-{T}emperatur zum {E}inbau eines supraleitenden {S}trahltransformators mit {SQUID}},
  year   = {1993},
  month  = jan
}
@Article{CERN_cryostat,
  author    = {A. Lees and T. Koettig and M. Fernandes and J. Tan},
  journal   = {{IOP} Conf. Ser.: Mater. Sci. Eng.},
  title     = {Design and optimisation of low heat load liquid helium cryostat to house {C}ryogenic {C}urrent {C}omparator in {A}ntiproton {D}ecelerator at {CERN}},
  year      = {2017},
  month     = feb,
  pages     = {012033},
  volume    = {171},
  doi       = {10.1088/1757-899x/171/1/012033},
  publisher = {{IOP} Publishing}
}
@Article{CERN_cryostat_2,
  author    = {A. Lees and T. Koettig and M. Fernandes and J. Tan},
  journal   = {{IOP} Conf. Ser.: Mater. Sci. Eng.},
  title     = {Cryogenic upgrade of the low heat load liquid helium cryostat used to house the {C}ryogenic {C}urrent {C}omparator in the {A}ntiproton {D}ecelerator at {CERN}},
  year      = {2017},
  month     = dec,
  pages     = {012193},
  volume    = {278},
  doi       = {10.1088/1757-899x/278/1/012193},
  publisher = {{IOP} Publishing}
}
@Article{GAS_cryostat,
  author    = {A. Onufrena and T. Koettig and J. Bremer and T. Tirolien and T. Dorau and M.B. Laguna and H.J.M. ter Brake},
  journal   = {Int. J. Heat Mass Transf.},
  title     = {Design of a compact mesh-based high-effectiveness counter-flow heat exchanger and its integration in remote cooling systems},
  year      = {2022},
  month     = feb,
  pages     = {122107},
  volume    = {183},
  doi       = {10.1016/j.ijheatmasstransfer.2021.122107},
  groups    = {inThesis},
  publisher = {Elsevier {BV}},
}
@Article{Pb_Tc,
  author    = {G. Chanin and J.P. Torre},
  journal   = {Phys. Rev. B},
  title     = {Critical-Field Curve of Superconducting Lead},
  year      = {1972},
  month     = jun,
  number    = {11},
  pages     = {4357--4364},
  volume    = {5},
  doi       = {10.1103/physrevb.5.4357},
  publisher = {American Physical Society ({APS})},
}
@Article{Nb_Tc,
  author    = {S. Casalbuoni and E.A. Knabbe and J. Kötzler and L. Lilje and L. von Sawilski and P. Schmüser and B. Steffen},
  journal   = {Nucl. Instrum. Methods Phys. Res. A},
  title     = {Surface superconductivity in niobium for superconducting {RF} cavities},
  year      = {2005},
  month     = feb,
  number    = {1-3},
  pages     = {45--64},
  volume    = {538},
  doi       = {10.1016/j.nima.2004.09.003},
  publisher = {Elsevier {BV}},
}
@Book{Ekin,
  author    = {{J.W.} Ekin},
  publisher = {Oxford University Press},
  title     = {{E}xperimental {T}echniques for {L}ow-{T}emperature {M}easurements: {C}ryostat {D}esign, {M}aterial {P}roperties and {S}uperconductor {C}ritical-{C}urrent {T}esting},
  year      = {2006},
  isbn      = {9780198570547},
  doi       = {10.1093/acprof:oso/9780198570547.001.0001},
}
@MastersThesis{Ucar2020,
  author = {F. Ucar},
  school = {TU Darmstadt},
  title  = {Analysis and Compensation of Mechanical and Magentic Interference on the Cryogenic Current Comparator ({CCC})},
  year   = {2020},
  month  = nov,
}
@TechReport{Marsic2019cryostat,
  author      = {Marsic, N. and {De Gersem}, H. and M\"uller, W.F.O.},
  institution = {TU Darmstadt},
  title       = {{Cryogenic Current Comparator: mechanical vibrations of the cryostat}},
  year        = {2019},
}
@InProceedings{MLI_theory,
  author    = {Parma, V.},
  booktitle = {{CERN Accelerator School}: {Superconductivity for Accelerators}},
  title     = {Cryostat {D}esign},
  year      = {2014},
  address   = {Erice, Italy},
  pages     = {353--399},
  doi       = {10.5170/CERN-2014-005.353},
}
@article{Cascade_squid,
doi = {10.1088/0953-2048/26/3/035013},
url = {https://dx.doi.org/10.1088/0953-2048/26/3/035013},
year = {2013},
month = {jan},
publisher = {IOP Publishing},
volume = {26},
number = {3},
pages = {035013},
author = {T Schönau and M Schmelz and V Zakosarenko and R Stolz and M Meyer and S Anders and L Fritzsch and H-G Meyer},
title = {SQUID-based setup for the absolute measurement of the Earth’s magnetic field},
journal = {Superconductor Science and Technology},
}
